@book{cvbookpakt,
  title={Building Computer Vision Projects with OpenCV 4 and C++},
  author={ David Millán Escrivá and  Prateek Joshi and  Vinícius G. Mendonça},
  year={2019},
  publisher={Pakt}
} 
