@book{opencvbook,
  title={Mastering OpenCV with Practical Computer Vision Projects},
  author={Baggio, Daniel LÃ©lis and Escriv{\'a}, David Mill{\'a}n and Mahmood, Naureen and Shilkrot, Roy and Emami, Shervin and levgen, Khvedchenia and Saragih, Jason},
  year={2012},
  publisher={Packt Publishing},
  isbn={978-1-84951-782-9}
}
